
@inproceedings{SketchREAD2007,
 author = {Alvarado, Christine and Davis, Randall},
 title = {SketchREAD: A Multi-domain Sketch Recognition Engine},
 booktitle = {ACM SIGGRAPH 2007 Courses},
 series = {SIGGRAPH '07},
 year = {2007},
 isbn = {978-1-4503-1823-5},
 location = {San Diego, California},
 articleno = {34},
 url = {http://doi.acm.org/10.1145/1281500.1281545},
 doi = {10.1145/1281500.1281545},
 acmid = {1281545},
 publisher = {ACM},
 address = {New York, NY, USA},
 keywords = {bayesian networks, input and interaction technology, intelligent UIs, pen-based UIs, sketch recognition},
}
